<?xml version="1.0" encoding="UTF-8"?>
<collection xmlns:xsi="http://www.w3.org/2001/XMLSchema-instance" xsi:schemaLocation="http://www.loc.gov/MARC21/slim http://www.loc.gov/standards/marcxml/schema/MARC21slim.xsd" xmlns="http://www.loc.gov/MARC21/slim">
<record>
  <leader>00892cam a22002531a 4500</leader>
  <controlfield tag="001">4969821</controlfield>
  <controlfield tag="003">NNC</controlfield>
  <controlfield tag="005">20100303012350.0</controlfield>
  <controlfield tag="008">901029m19031904ua            000 0 arar </controlfield>
  <datafield tag="010" ind1=" " ind2=" ">
    <subfield code="a">ne 67000070 </subfield>
  </datafield>
  <datafield tag="035" ind1=" " ind2=" ">
    <subfield code="a">(OCoLC)22755245</subfield>
  </datafield>
  <datafield tag="035" ind1=" " ind2=" ">
    <subfield code="a">(OCoLC)ocm22755245</subfield>
  </datafield>
  <datafield tag="035" ind1=" " ind2=" ">
    <subfield code="a">(NNC)4969821</subfield>
  </datafield>
  <datafield tag="040" ind1=" " ind2=" ">
    <subfield code="a">DLC</subfield>
    <subfield code="c">NhD</subfield>
    <subfield code="d">MH</subfield>
    <subfield code="d">CStRLIN</subfield>
    <subfield code="d">NNC</subfield>
  </datafield>
  <datafield tag="050" ind1="0" ind2=" ">
    <subfield code="a">BJ1291</subfield>
    <subfield code="b">.T36</subfield>
  </datafield>
  <datafield tag="090" ind1=" " ind2=" ">
    <subfield code="b">OL 21925.10</subfield>
  </datafield>
  <datafield tag="100" ind1="1" ind2=" ">
    <subfield code="a">Tanūkhī, al-Muḥassin ibn ʻAlī,</subfield>
    <subfield code="d">940?-994.</subfield>
  </datafield>
  <datafield tag="240" ind1="1" ind2="0">
    <subfield code="a">Faraj baʻda al-shiddah</subfield>
  </datafield>
  <datafield tag="245" ind1="1" ind2="0">
    <subfield code="a">Kitāb al-Faraj baʻda al-shiddah /</subfield>
    <subfield code="c">taʾlīf al-Qāḍī Abī ʻAlī al-Muḥassin al-Tanūkhī ; taṣḥīḥ bi-maʻrafat Muḥammad al-Zuhrī al-Ghamrāwī.</subfield>
  </datafield>
  <datafield tag="260" ind1=" " ind2=" ">
    <subfield code="a">Miṣr :</subfield>
    <subfield code="b">Maṭbaʻat al-Hilāl,</subfield>
    <subfield code="c">1903-1904.</subfield>
  </datafield>
  <datafield tag="300" ind1=" " ind2=" ">
    <subfield code="a">2 v. ;</subfield>
    <subfield code="c">25 cm.</subfield>
  </datafield>
  <datafield tag="650" ind1=" " ind2="0">
    <subfield code="a">Islamic ethics</subfield>
    <subfield code="v">Early works to 1800.</subfield>
  </datafield>
  <datafield tag="700" ind1="1" ind2=" ">
    <subfield code="a">Ghamrāwī, Muḥammad al-Zahrī.</subfield>
  </datafield>
  <datafield tag="955" ind1=" " ind2=" ">
    <subfield code="b">0026813904</subfield>
    <subfield code="d">glx</subfield>
    <subfield code="e">893.7T159 Q5</subfield>
    <subfield code="v">v.1-2</subfield>
  </datafield>
</record>
</collection>